@book{compcomplexbarak,
  author =    {Sanjeev Arora and Boaz Barak},
  title =     {Computational Complexity: A Modern Approach},
  publisher = {Princeton University},
  year =   2007
}

@article{aproxpaschos,
    author = {Vangelis Th. Paschos},
    title = {An overview on polynomial approximation of NP-hard problems},
    journal = {HAL},
    year = 2007
}

@article{aproxcres,
    author = {Crescenzi, Pierluigi and Kann Viggo},
    title = {A compendium of NP optimization problems},
    year = 1998
}